<record><leader>00000cas a2200000Ma 4500</leader><controlfield tag="001">10786665</controlfield><controlfield tag="008">840530d1842184umauwr ne      0    0eng d</controlfield><controlfield tag="009">330</controlfield><datafield ind1=" " ind2=" " tag="010"><subfield code="a">sn 84023173 </subfield></datafield><datafield ind1=" " ind2=" " tag="040"><subfield code="a">AQM</subfield><subfield code="b">eng</subfield><subfield code="c">AQM</subfield></datafield><datafield ind1="0" ind2="0" tag="245"><subfield code="a">Dollar weekly Bostonian.</subfield></datafield><datafield ind1=" " ind2=" " tag="260"><subfield code="a">Boston [Mass.] :</subfield><subfield code="b">Morgan &amp; Co.,</subfield><subfield code="c">1842- .</subfield></datafield><datafield ind1=" " ind2=" " tag="300"><subfield code="a">v.</subfield></datafield><datafield ind1=" " ind2=" " tag="310"><subfield code="a">Weekly</subfield></datafield><datafield ind1="0" ind2=" " tag="362"><subfield code="a">Vol. 1, no. 1 (Apr. 9, 1842)-</subfield></datafield><datafield ind1=" " ind2=" " tag="500"><subfield code="a">Editor: W. Bartlett, 1842.</subfield></datafield><datafield ind1=" " ind2=" " tag="580"><subfield code="a">Daily ed.: Boston daily ledger.</subfield></datafield><datafield ind1=" " ind2=" " tag="500"><subfield code="a">Publisher: Albert Morgan, &lt;1842&gt;.</subfield></datafield><datafield ind1=" " ind2="7" tag="655"><subfield code="a">Newspapers.</subfield><subfield code="2">rbgenr</subfield></datafield><datafield ind1="1" ind2=" " tag="700"><subfield code="a">Bartlett, William.</subfield></datafield><datafield ind1=" " ind2=" " tag="752"><subfield code="a">United States</subfield><subfield code="b">Massachusetts</subfield><subfield code="c">Suffolk</subfield><subfield code="d">Boston.</subfield></datafield><datafield ind1="1" ind2=" " tag="775"><subfield code="t">Boston daily ledger</subfield><subfield code="w">(DLC)sn 84023399</subfield></datafield></record>